@OTHER{BartakConsistency,
   author = {Bart√°k, Roman},
   title = {On-line guide to Constraint Programming},
   month = jun,
   year = {1998},
   url = {http://kti.mff.cuni.cz/~bartak/constraints/index.html}
 }
